@article{u2,
  author  = "U.S. Department of State. Bureau of Public Affairs. Office of the Historian.",
  title   = "U-2 Overflights and the {C}apture of {F}rancis {G}ary {P}owers, 1960",
  journal = "Milestones in the History of U.S. Foreign Relations",
  year    = "2013",
  volume  = "1953 {-} 1960"
}

@book{sleddriver,
  author    = "Brian Shul",
  title     = "Sled Driver : Flying the World's Fastest Jet",
  publisher = "Lickle Pub Inc",
  year      = "1994",
  edition   = "{F}irst",
  month     = "April",
  isbn      = "0929823087"
}