
@article{ethics,
	title={NSPE Code of Ethics for Engineers},
	url={http://www.nspe.org/Ethics/CodeofEthics/index.html},
	date={2007-07}	
}

@article{npc,
	title={Realizing the Potential of North America's Abundant Natural Gas and Oil Resources},
	url={http://www.npc.org/NARD-ExecSummVol.pdf},
	date={2011-09-15}
}

@article{nature,
  title={Natural gas: Should fracking stop?},
  author={Howarth, Robert W and Ingraffea, Anthony and Engelder, Terry},
  journal={Nature},
  volume={477},
  number={7364},
  pages={271--275},
  year={2011},
  publisher={Nature Publishing Group}
}

@article{mining,
  title={Mining and Community Economic Growth},
  author={Deller, Steven and Schreiber, Andrew},
  journal={The Review of Regional Studies},
  volume={42},
  number={2},
  pages={121--141},
  year={2013}
}

@article{bp,
	title={Unconventional Gas and Hydraulic Fracturing},
	url={http://www.bp.com/content/dam/bp/pdf/investors/6423_BP_Unconventional_Gas.pdf},
	year={2012}
}

@article{quake,
  title={Injection-induced Earthquakes},
  author={Ellsworth, William L},
  journal={Science},
  volume={341},
  number={6142},
  year={2013},
  publisher={American Association for the Advancement of Science}
}

@article{groat,
	title={Fracking Report Criticized for Apparent Conflict of Interest},
	author={Erik Stokstad},
	date={2013-07-24},
	journal={Science},
    publisher={American Association for the Advancement of Science}
    }