@MISC{visuals,
author = "Rider, Conrad",
title = {VisualCube},
url = {http://cube.crider.co.uk/visualcube.php}
}

@MISC{parts,
author = "Toby Heavenrich and Pierre Dyer"
title={Rubik's Cube Project},
url={http://wikis.swarthmore.edu/ENGR005_2008/index.php/Rubik%27s_Cube#E5_Links}
}